% Encoding: UTF-8

@inproceedings{pina2019incorporation,
  title={Incorporation of immediacy, dynamics and interactivity to digital terrestrial television services in Cuba through TVC+},
  author={Pina Amarg{\'o}s, Joaqu{\'\i}n D and Socorro Llanes, Raisa and Paredes Miranda, David and Amador Gonz{\'a}lez, Maykel and Villarroel Ramos, Dany L},
  booktitle={Iberoamerican Conference on Applications and Usability of Interactive TV},
  pages={3--15},
  year={2019},
  organization={Springer}
}



@Comment{jabref-meta: databaseType:bibtex;}
